@misc{Knight2021,
  title = {The ut-thesis class},
  author = {Pitt, Francois and Knight, Jesse},
  url = {https://ctan.org/pkg/ut-thesis},
  year = {2021}
}